<?xml version="1.0" encoding="UTF-8"?><record xmlns="http://www.loc.gov/MARC21/slim" xmlns:cinclude="http://apache.org/cocoon/include/1.0" xmlns:zs="http://www.loc.gov/zing/srw/">
  <leader>00458nz  a2200133n  4500</leader>
  <controlfield tag="001">no 00034651 </controlfield>
  <controlfield tag="003">DLC</controlfield>
  <controlfield tag="005">20000516064104.0</controlfield>
  <controlfield tag="008">000515n| acannaabn          |n aaa     c</controlfield>
  <datafield tag="010" ind1=" " ind2=" ">
    <subfield code="a">no 00034651 </subfield>
  </datafield>
  <datafield tag="035" ind1=" " ind2=" ">
    <subfield code="a">(OCoLC)oca05220010</subfield>
  </datafield>
  <datafield tag="040" ind1=" " ind2=" ">
    <subfield code="a">MdU</subfield>
    <subfield code="b">eng</subfield>
    <subfield code="c">MdU</subfield>
  </datafield>
  <datafield tag="100" ind1="1" ind2="0">
    <subfield code="a">Badgley, Kerry,</subfield>
    <subfield code="d">1962-</subfield>
  </datafield>
  <datafield tag="670" ind1=" " ind2=" ">
    <subfield code="a">Ringing in the common love of good, c2000:</subfield>
    <subfield code="b">t.p. (Kerry A. Badgley) Can. CIP (Badgley, Kerry, 1962- ) prelim. (an archivist at the National Archives of Canada)</subfield>
  </datafield>
</record>